<record><leader>00000cas a22000007a 4500</leader><controlfield tag="001">13787902</controlfield><controlfield tag="008">860627c19029999nvuwr ne      0    0eng d</controlfield><datafield ind1=" " ind2=" " tag="010"><subfield code="a">sn 86076201 </subfield></datafield><datafield ind1=" " ind2=" " tag="040"><subfield code="a">NNX</subfield><subfield code="b">eng</subfield><subfield code="c">NNX</subfield><subfield code="d">OCLCQ</subfield></datafield><datafield ind1=" " ind2=" " tag="042"><subfield code="a">msc</subfield></datafield><datafield ind1="0" ind2=" " tag="130"><subfield code="a">Eureka sentinel (Eureka, Nev. : 1902)</subfield></datafield><datafield ind1="1" ind2="4" tag="245"><subfield code="a">The Eureka sentinel.</subfield></datafield><datafield ind1=" " ind2=" " tag="260"><subfield code="a">Eureka, Nev. :</subfield><subfield code="b">E.A. Skillman,</subfield><subfield code="c">1902-</subfield></datafield><datafield ind1=" " ind2=" " tag="300"><subfield code="a">v. :</subfield><subfield code="b">ill.</subfield></datafield><datafield ind1=" " ind2=" " tag="310"><subfield code="a">Weekly</subfield></datafield><datafield ind1="0" ind2=" " tag="362"><subfield code="a">Jan. 18, 1902-</subfield></datafield><datafield ind1=" " ind2=" " tag="500"><subfield code="a">Place of publication changes to Tonopah, Nev., June 24, 1960.</subfield></datafield><datafield ind1=" " ind2=" " tag="515"><subfield code="a">Voluming begins with Vol. 103, no. 23 (June 9, 1973).</subfield></datafield><datafield ind1=" " ind2=" " tag="752"><subfield code="a">United States</subfield><subfield code="b">Nevada</subfield><subfield code="c">Eureka</subfield><subfield code="d">Eureka.</subfield></datafield><datafield ind1=" " ind2=" " tag="752"><subfield code="a">United States</subfield><subfield code="b">Nevada</subfield><subfield code="c">Nye</subfield><subfield code="d">Tonopah.</subfield></datafield><datafield ind1="0" ind2="0" tag="780"><subfield code="t">Eureka weekly sentinel (Eureka, Nev. : 1887)</subfield><subfield code="w">(DLC)sn 86076200</subfield></datafield></record>